<?xml version="1.0" encoding="UTF-8"?><collection xmlns="http://www.loc.gov/MARC21/slim"><record><leader>00523nam--2200169-i-4500</leader><controlfield tag="001">000040925</controlfield><controlfield tag="002">20161230</controlfield><controlfield tag="005">20161230201042</controlfield><controlfield tag="008">060222s1000------------r-----000-0-eng-d</controlfield><datafield ind1=" " ind2=" " tag="040"><subfield code="a">IFIN-HH</subfield></datafield><datafield ind1=" " ind2=" " tag="080"><subfield code="a">537.311.33.621.395.59</subfield></datafield><datafield ind1="1" ind2=" " tag="100"><subfield code="a">Scroggie, M.G</subfield></datafield><datafield ind1="1" ind2="0" tag="245"><subfield code="a">Principles of semiconductors</subfield><subfield code="b">Introduction to the properties and applications of semiconducting materials</subfield><subfield code="c">M.g. scroggie</subfield></datafield><datafield ind1=" " ind2=" " tag="260"><subfield code="a">London</subfield><subfield code="b">Iliffe Books Ltd</subfield><subfield code="c">1961</subfield></datafield><datafield ind1=" " ind2=" " tag="300"><subfield code="a">VIII+156P</subfield></datafield><datafield ind1=" " ind2=" " tag="852"><subfield code="a">16472</subfield><subfield code="c">537.311.33</subfield></datafield><datafield ind1=" " ind2=" " tag="CAT"><subfield code="a">Sys</subfield><subfield code="c">20110719</subfield><subfield code="h">094356</subfield></datafield></record></collection>